@article{writeAgoodPaper,
author = {Levin, Roy and Redell, David},
year = {1983},
month = {01},
pages = {},
title = {How (and How Not) to Write a Good Systems Paper},
journal = {Operating Systems Review - SIGOPS}
}
